<record><leader>00000cas a2200000 a 4500</leader><controlfield tag="001">26580594</controlfield><controlfield tag="008">920911d190u1961cauwr ne      0    0eng c</controlfield><datafield ind1=" " ind2=" " tag="010"><subfield code="a">sn 92068941 </subfield></datafield><datafield ind1=" " ind2=" " tag="040"><subfield code="a">CUY</subfield><subfield code="b">eng</subfield><subfield code="c">CNK</subfield><subfield code="d">CNK</subfield><subfield code="d">OCLCQ</subfield><subfield code="d">OCLCF</subfield><subfield code="d">OCLCO</subfield></datafield><datafield ind1="1" ind2=" " tag="029"><subfield code="a">AU@</subfield><subfield code="b">000020735373</subfield></datafield><datafield ind1=" " ind2=" " tag="042"><subfield code="a">pcc</subfield></datafield><datafield ind1=" " ind2=" " tag="043"><subfield code="a">n-us-ca</subfield></datafield><datafield ind1="0" ind2="4" tag="245"><subfield code="a">The Livingston chronicle.</subfield></datafield><datafield ind1=" " ind2=" " tag="260"><subfield code="a">Livingston, Merced County, Calif. :</subfield><subfield code="b">P.H. Higgins</subfield></datafield><datafield ind1=" " ind2=" " tag="300"><subfield code="a">v.</subfield></datafield><datafield ind1=" " ind2=" " tag="310"><subfield code="a">Weekly</subfield></datafield><datafield ind1="0" ind2=" " tag="362"><subfield code="a">-v. 52, no. 40 (June 1, 1961).</subfield></datafield><datafield ind1=" " ind2=" " tag="530"><subfield code="a">Master negatives are available for duplication from:</subfield><subfield code="b">California Newspaper Microfilm Archive;</subfield><subfield code="c">positive copies may be purchased by the reel; for further information consult the CNMA at:</subfield><subfield code="u">http://cbsr.ucr.edu</subfield></datafield><datafield ind1=" " ind2=" " tag="588"><subfield code="a">Description based on: Vol. 2, no. 35 (May 27, 1911).</subfield></datafield><datafield ind1=" " ind2="0" tag="651"><subfield code="a">Livingston (Calif.)</subfield><subfield code="v">Newspapers.</subfield></datafield><datafield ind1=" " ind2="7" tag="655"><subfield code="a">Newspapers.</subfield><subfield code="2">fast</subfield><subfield code="0">(OCoLC)fst01423814</subfield></datafield><datafield ind1=" " ind2="7" tag="651"><subfield code="a">California</subfield><subfield code="z">Livingston.</subfield><subfield code="2">fast</subfield><subfield code="0">(OCoLC)fst01226652</subfield></datafield><datafield ind1=" " ind2=" " tag="752"><subfield code="a">United States</subfield><subfield code="b">California</subfield><subfield code="c">Merced</subfield><subfield code="d">Livingston.</subfield></datafield><datafield ind1="0" ind2="5" tag="780"><subfield code="a">Hilmar enterprise (Hilmar, Calif.)</subfield><subfield code="g">Oct. 1942</subfield><subfield code="w">(DLC)sn 92068936</subfield></datafield><datafield ind1="0" ind2="7" tag="785"><subfield code="t">Delhi bulletin</subfield><subfield code="w">(DLC)sn 98061828</subfield></datafield><datafield ind1="0" ind2="7" tag="785"><subfield code="t">Livingston chronicle and Delhi bulletin</subfield><subfield code="w">(DLC)sn 98061829</subfield></datafield></record>